<?xml version="1.0" encoding="UTF-8"?><collection xmlns="http://www.loc.gov/MARC21/slim"><record><leader>00405nam--2200145-i-4500</leader><controlfield tag="001">000018049</controlfield><controlfield tag="002">20161230</controlfield><controlfield tag="005">20161230201032</controlfield><controlfield tag="008">060222s1000------------r-----000-0-eng-d</controlfield><datafield ind1=" " ind2=" " tag="080"><subfield code="a">5(09)</subfield></datafield><datafield ind1=" " ind2=" " tag="100"><subfield code="a">Enriques Federigo</subfield></datafield><datafield ind1=" " ind2=" " tag="245"><subfield code="a">Signification de l histoire de la pensee scientifique</subfield></datafield><datafield ind1=" " ind2=" " tag="260"><subfield code="a">Paris, Hermann, 1934. 68 P</subfield></datafield><datafield ind1=" " ind2=" " tag="490"><subfield code="a">Philosophie Et Histoire De La Pensee Scientifique</subfield></datafield><datafield ind1=" " ind2=" " tag="852"><subfield code="a">2279</subfield></datafield></record></collection>